<?xml version="1.0" encoding="UTF-8"?><collection xmlns="http://www.loc.gov/MARC21/slim"><record><leader>00454nam--2200181-u-4500</leader><controlfield tag="001">000055288</controlfield><controlfield tag="002">20161230</controlfield><controlfield tag="005">20161230201052</controlfield><controlfield tag="008">121206s1000------------r-----000-0-fre-d</controlfield><datafield ind1=" " ind2=" " tag="040"><subfield code="a">IFIN-HH</subfield></datafield><datafield ind1=" " ind2=" " tag="041"><subfield code="a">fre</subfield></datafield><datafield ind1=" " ind2=" " tag="080"><subfield code="a">538.971(043)</subfield></datafield><datafield ind1="1" ind2=" " tag="100"><subfield code="a">Thibaudier, C</subfield></datafield><datafield ind1="1" ind2="0" tag="245"><subfield code="a">Sur les surfaces en liaisons fortes</subfield><subfield code="b">These</subfield><subfield code="c">C. thibaudier</subfield></datafield><datafield ind1=" " ind2=" " tag="260"><subfield code="a">Paris</subfield><subfield code="b">Universite</subfield><subfield code="c">1972</subfield></datafield><datafield ind1=" " ind2=" " tag="300"><subfield code="a">124P</subfield></datafield><datafield ind1=" " ind2=" " tag="852"><subfield code="a">78141</subfield><subfield code="c">539.2</subfield></datafield><datafield ind1=" " ind2=" " tag="CAT"><subfield code="a">Sys</subfield><subfield code="c">20121206</subfield><subfield code="h">172401</subfield></datafield></record></collection>